<record><leader>00000cas a22000007a 4500</leader><controlfield tag="001">17898183</controlfield><controlfield tag="008">880505d1894190utxuir ne      0    0eng d</controlfield><datafield ind1=" " ind2=" " tag="010"><subfield code="a">sn 88083416 </subfield></datafield><datafield ind1=" " ind2=" " tag="040"><subfield code="a">PPM</subfield><subfield code="b">eng</subfield><subfield code="c">PPM</subfield><subfield code="d">OCLCQ</subfield></datafield><datafield ind1=" " ind2=" " tag="042"><subfield code="a">msc</subfield></datafield><datafield ind1="0" ind2=" " tag="130"><subfield code="a">Daily enterprise (Cleburne, Tex. : 1894)</subfield></datafield><datafield ind1="1" ind2="0" tag="245"><subfield code="a">Daily enterprise.</subfield></datafield><datafield ind1=" " ind2=" " tag="260"><subfield code="a">Cleburne, Tex. :</subfield><subfield code="b">J.R. Ransone,</subfield><subfield code="c">1894-</subfield></datafield><datafield ind1=" " ind2=" " tag="310"><subfield code="a">Daily</subfield></datafield><datafield ind1=" " ind2=" " tag="321"><subfield code="a">Triweekly</subfield></datafield><datafield ind1="0" ind2=" " tag="362"><subfield code="a">Vol. 1, no. 1 (Sept. 24, 1894)-</subfield></datafield><datafield ind1=" " ind2=" " tag="752"><subfield code="a">United States</subfield><subfield code="b">Texas</subfield><subfield code="c">Johnson</subfield><subfield code="d">Cleburne.</subfield></datafield><datafield ind1="0" ind2="0" tag="785"><subfield code="a">Cleburne daily enterprise</subfield><subfield code="w">(OCoLC)13695363</subfield></datafield></record>